<record><leader>00000cas a2200000 a 4500</leader><controlfield tag="001">232149982</controlfield><controlfield tag="008">080617d19511957cauwr ne      0    0eng c</controlfield><datafield ind1=" " ind2=" " tag="010"><subfield code="a">sn2008060127</subfield></datafield><datafield ind1=" " ind2=" " tag="040"><subfield code="a">CNK</subfield><subfield code="b">eng</subfield><subfield code="c">CNK</subfield><subfield code="d">CNK</subfield><subfield code="d">OCLCQ</subfield><subfield code="d">OCLCF</subfield><subfield code="d">OCLCO</subfield></datafield><datafield ind1=" " ind2=" " tag="042"><subfield code="a">pcc</subfield></datafield><datafield ind1=" " ind2=" " tag="043"><subfield code="a">n-us-ca</subfield></datafield><datafield ind1="0" ind2="4" tag="245"><subfield code="a">The Peninsula times and San Mateo post shopping guide.</subfield></datafield><datafield ind1="1" ind2="7" tag="246"><subfield code="a">Times shopping guide</subfield></datafield><datafield ind1="1" ind2=" " tag="246"><subfield code="i">Published as:</subfield><subfield code="a">Times Peninsula and San Mateo post shopper</subfield><subfield code="f">Apr. 4-May 30, 1957</subfield></datafield><datafield ind1="1" ind2=" " tag="246"><subfield code="i">Published as:</subfield><subfield code="a">San Mateo post and Peninsula shopping guide</subfield><subfield code="f">June 6-20, 1957</subfield></datafield><datafield ind1=" " ind2=" " tag="260"><subfield code="a">San Mateo [Calif.] :</subfield><subfield code="b">San Mateo Times</subfield></datafield><datafield ind1=" " ind2=" " tag="310"><subfield code="a">Weekly</subfield></datafield><datafield ind1="0" ind2=" " tag="362"><subfield code="a">Vol. 16, no. 17 (June 7, 1951)-v. 22, no. 55 (Jan. 17, 1957) ; v. 11, no. 43 (Jan. 24, 1957)-v. 11, no. 52 (June 20, 1957).</subfield></datafield><datafield ind1=" " ind2=" " tag="530"><subfield code="a">Master negatives are available for duplication from:</subfield><subfield code="b">California Newspaper Microfilm Archive;</subfield><subfield code="c">positive copies may be purchased by the reel; for further information consult the CNMA at:</subfield><subfield code="u">http://cbsr.ucr.edu</subfield></datafield><datafield ind1=" " ind2="0" tag="651"><subfield code="a">San Mateo (Calif.)</subfield><subfield code="v">Newspapers.</subfield></datafield><datafield ind1=" " ind2="7" tag="655"><subfield code="a">Newspapers.</subfield><subfield code="2">fast</subfield><subfield code="0">(OCoLC)fst01423814</subfield></datafield><datafield ind1=" " ind2="7" tag="651"><subfield code="a">California</subfield><subfield code="z">San Mateo.</subfield><subfield code="2">fast</subfield><subfield code="0">(OCoLC)fst01214306</subfield></datafield><datafield ind1=" " ind2=" " tag="752"><subfield code="a">United States</subfield><subfield code="b">California</subfield><subfield code="c">San Mateo</subfield><subfield code="d">San Mateo.</subfield></datafield><datafield ind1="0" ind2="0" tag="780"><subfield code="t">San Mateo post</subfield><subfield code="w">(DLC)sn2008060126</subfield></datafield><datafield ind1="0" ind2="0" tag="785"><subfield code="t">Post</subfield><subfield code="w">(DLC)sn 97060552</subfield></datafield></record>